@book{book,
  author    = {Peter Babington}, 
  title     = {The title of the work},
  publisher = {The name of the publisher},
  year      = 1993,
  volume    = 4,
  series    = 10,
  address   = {The address},
  edition   = 3,
  month     = 7,
  note      = {An optional note},
  isbn      = {3257227892}
}

@manual{manual,
  title        = {The title of the work},
  author       = {Peter Gainsford}, 
  organization = {The organization},
  address      = {The address of the publisher},
  edition      = 3,
  month        = 7,
  year         = 1993,
  note         = {An optional note}
}

@mastersthesis{mastersthesis,
  author       = {Peter Harwood}, 
  title        = {The title of the work},
  school       = {The school of the thesis},
  year         = 1993,
  address      = {The address of the publisher},
  month        = 7,
  note         = {An optional note}
}

@phdthesis{phdthesis,
  author       = {Peter Joslin}, 
  title        = {The title of the work},
  school       = {The school of the thesis},
  year         = 1993,
  address      = {The address of the publisher},
  month        = 7,
  note         = {An optional note}
}

@proceedings{proceedings,
  title        = {The title of the work},
  year         = 1993,
  editor       = {Peter Kidwelly},
  volume       = 4,
  series       = 5,
  address      = {The address of the publisher},
  month        = 7,
  organization = {The organization},
  publisher    = {The name of the publisher},
  note         = {An optional note}
}

@techreport{techreport,
  author       = {Peter Lambert}, 
  title        = {The title of the work},
  institution  = {The institution that published},
  year         = 1993,
  number       = 2,
  address      = {The address of the publisher},
  month        = 7,
  note         = {An optional note}
}

@unpublished{unpublished,
  author       = {Peter Marcheford}, 
  title        = {The title of the work},
  note         = {An optional note},
  month        = 7,
  year         = 1993
}
 

@article{Abe1972,
	author = {Abe, K},
	title = {Mechanism and tectonic implications of the 1966 and 1970 {Peru} earthquakes},
	journal = {Physics of the Earth and Planetary Interiors},
	year = {1972},
	volume = {5},
	pages = {367-379},
}

@article{Abe1979,
	author = {Abe, K},
	title = {Size of great earthquakes of 1837-1974 inferred from tsunami data},
	journal = {Journal of Geophysical Research},
	year = {1979},
	volume = {84},
	number = {B4},
	pages = {1561-1568},
}

@article{Adr2014,
	author = {Adriano, B. and Mas, E. and Koshimura, S. and Estrada, M. and Jimenez, C.},
	title = {Scenarios of earthquake and tsunami damage probability in {C}allao region, {P}eru using tsunami fragility functions},
	journal = {Journal of Disaster Research},
	year = {2014},
	volume = {9},
	number = {6},
	pages = {968-975}, 
}

@article{Anc2014,
	author = {An, C and Sepúlveda, I and Liu, P},
	year = {2014},
	title = {Tsunami source and its validation of the 2014 {I}quique, {C}hile Earthquake},
	journal = {Geophysical Research Letters},
	volume = {41},
	pages = {1-7},
	doi = {10.1002/2014GL060567},
}

@article{Bar1976,
	author = {Barazangi, M. and Isacks, B.},
	title = {Spatial distribution of earthquakes and subduction of the {N}azca plate beneath {S}outh {A}merica},
	journal = {Geology},
	year = {1976},
	volume = {4},
	pages = {686-692},
}

@article{Bec1989,
	author = {Beck, S. and Ruff, L.},
	year = {1989},
	title = {Great earthquakes and subduction along the {P}eru trench},
	journal = {Physics of the Earth and Planetary Interiors},
	volume = {57},
	pages = {199-224},
}

@article{Bec1990,
	author = {Beck, S. and Nishenko, S.},
	year = {1990},
	title = {Variations in the mode of great earthquake rupture along the Central {P}eru subduction zone},
	journal = {Geophysical Research Letters},
	volume = {17},
	number = {11},
	pages = {1969-1972},
}

@phdthesis{phdthesis,
  author       = {Bell, M}, 
  title        = {The Earthquake Cycle of the {M}anyi Fault, {T}ibet},
  school       = {University of Oxford},
  year         = 2013,
  address      = {United Kingdom},
  pages        = {212}
}

@article{Bou1999,
	author = {Bourgeois, J. and Petroff, C. and Yeh, H. and Titov, V. and Synolakis, C. and Benson, B. and Kuroiwa, J. and Lander, J. and Norabuena, E.},
	year = {1999},
	title = {Geologic setting, field survey and modeling of the {C}himbote, Northern {P}eru, Tsunami of 21 {F}ebruary 1996},
	journal = {Pure and Applied Geophysics},
	volume = {154},
	number = {},
	pages = {513-540},
}

@article{Cha1997,
	author = {Chatelain, J. and Guillier, B. and Guéguen, P. and Bondoux, F.},
	year = {1997},
	title = {The {M}w 7.7 {N}asca {P}eru earthquake, November 12, 1996: A repetition of the 1942 event?},
	journal = {Seismological Research Letters},
	volume = {68},
	number = {6},
	pages = {917-922},
}

@article{Chl2011,
	author = {Chlieh, M. and Perfettini, H. and Tavera, H. and Avouac, J. and Remy, D. and Nocquet, J. and Rolandone, F. and Bondoux, F. and Gabalda, G. and Bonvalot, S.},
	year = {2011},
	title = {Interseismic coupling and seismic potential along the Central {A}ndes subduction zone},
	journal = {Journal of Geophysical Research},
	volume = {116},
	number = {B12405},
	pages = {21},
}

@article{Clu1971,
	author = {Cluff, L},
	year = {1971},
	title = {{P}eru earthquake of May 31, 1970: engineering geology observations},
	journal = {Bulletin of Seismological Society of America},
	volume = {61},
	number = {3},
	pages = {511-533},
}

@article{Coh1999,
	author = {Cohen, S},
	year = {1999},
	title = {Numerical models of crustal deformation in seismic zones},
	journal = {Advances in Geophysics},
	volume = {41},
	number = {},
	pages = {133-231},
	doi = {}
}

@article{Dew1979,
	author = {Dewey, J and Spence, W},
	year = {1979},
	title = {Seismic gaps and zones of recent large earthquakes in coastal {P}eru},
	journal = {Pure and Applied Geophysics},
	volume = {117},
	pages = {1148-1171},
}

@article{Dor1990,
	author = {Dorbath, L and Cisternas, A and Dorbath, C},
	year = {1990},
	title = {Assessment of the size of large and great historical earthquakes in {P}eru},
	journal = {Bulletin of Seismological Society of America},
	volume = {80},
	number = {3},
	pages = {515-576},
}

@techreport{Eri1970,
  author       = {Ericksen, G. and Plafker, G. and Fernandez, J.}, 
  title        = {Preliminary report on the geologic events associated with the May 31, 1970, {P}eru earthquake},
  institution  = {USGS},
  year         = 1970,
  number       = 639,
  address      = {},
  url          = {https://pubs.usgs.gov/circ/1970/0639/report.pdf}
}

@article{Fuj2006,
	author = {Fujii, Y and Satake, K},
	year = {2006},
	title = {Source of the July 2006 west {J}ava tsunami estimated from tide gauges records},
	journal = {Geophysical Research Letters},
	volume = {41},
	number = {24},
	pages = {L24317},
}

@article{Fuj2008,
	author = {Fujii, Y and Satake, K},
	year = {2008},
	title = {Tsunami waveform inversion of the 2007 {B}engkulu, southern {S}umatra, earthquake},
	journal = {Earth Planets Space},
	volume = {60},
	pages = {993-998},
}

@article{Gic2007,
	author = {Gica, E and Teng, M and Asce, M and Liu, P and Asce, F and Titov, V and Zhou, H},
	year = {2007},
	title = {Sensitivity analysis of source parameters for earthquake generated distant tsunamis},
	journal = {Journal of Waterways, Port, Coasts and Ocean Engineering},
	volume = {133},
	pages = {429-441},
}

@article{Hay2012,
	author = {Hayes, G and Wald, D and Johnson, R},
	year = {2012},
	title = {Slab1.0: A three dimensional model of global subduction zone geometries},
	journal = {JGR},
	volume = {117},
	pages = {B01302},
	doi = {10.1029/2011JB008524},
}

@article{Hay2018,
	author = {Hayes, G. and Moore, G. and Portner, D. and Hearne, M. and Flamme, H. and Furtney, M. and Smoczyk, G.},
	year = {2018},
	title = {Slab2, a comprehensive subduction zone geometry model},
	journal = {Science},
	volume = {362},
	number = {6410},
	pages = {58-61},
	doi = {10.1126/science.aat4723},
}

@article{Hei2015,
	author = {Heidarzadeh, M and Satake, K},
	year = {2015},
	title = {New insights into the Source of the {M}akran tsunami of 27 November 1945 from tsunami waveforms and coastal deformation data},
	journal = {Pure and Applied Geophysics},
	volume = {172},
	number = {3},
	pages = {621-640},
}

@article{Hei1998,
	author = {Heinrich, P. and Schindele, F. and Guibourg, S. and Ihmle, P.},
	year = {1998},
	title = {Modeling of the February 1996 {P}eruvian tsunami},
	journal = {Geophysical Research Letters},
	volume = {25},
	number = {14},
	pages = {2687-2690},
}

@article{Hen2001,
	author = {Henry, C and Das, S},
	year = {2001},
	title = {Aftershock zones of large shallow earthquakes: fault dimensions, aftershock area expansion and scalling relations},
	journal = {Geophyscial Journal International},
	volume = {1147},
	pages = {272-293},
}

@book{Ide2007,
	author = {Ide, S},
	year = {2007},
	title = {Slip inversion: {T}reatise on {G}eophysics},
        publisher = {Elsevier},
	address = {},
	vol = {4},
	chapter = {7},
	pages = {193-223},
}

@article{Ihm1998,
	author = {Ihmle, P. and Gomez, J. and Heinrich, P. and Guibourg, S.},
	year = {1998},
	title = {The 1996 {P}eru tsunamigenic earthquake: Broadband source process},
	journal = {Geophysical Research Letters},
	volume = {25},
	number = {14},
	pages = {2691-2694},
}

@manual{Ima2006,
	author = {Imamura, F and Yalciner, A and Ozyurt, G},
	year = {2006},
	title = {Tsunami Modelling Manual ({TUNAMI} model)},
	organization = {Tohoku University},
	address = {Sendai},
        edition = {1},
	url = {http://www.tsunami.civil.tohoku.ac.jp/hokusai3/E/projects/manual-ver-3.1.pdf},
}

@article{Iou2013,
	author = {Ioualalen, M and Perfettini, H and Yauri, S and Jiménez, C},
	year = {2013},
	title = {Tsunami modeling to validate slip models of the 2007 Mw8.0 {P}isco earthquake, Central {P}eru},
	journal = {Pure and Applied Geophysics},
	volume = {170},
	number = {},
	pages = {433-451},
	doi = {10.1007/s00024-012-0608-z}
}

bibitem[Jae07]{} J. (2007). Fundamentals of Rock Mechanics, 4th edition. .
@book{Jae2007,
  author    = {Jaeger, J and Cook, N and Zimmerman, R}, 
  title     = {{F}undamentals of Rock Mechanics},
  publisher = {Blackwell Publishing},
  year      = 2007,
  volume    = {},
  address   = {},
  edition   = 4,
  isbn      = {}
}


@article{Jim2013,
	author = {Jimenez, C and Moggiano, N and Mas, E and Adriano, B and Koshimura, S and Fujii, Y and Yanagisawa, H},
	year = {2013},
	title = {Seismic source of 1746 {C}allao earthquake from tsunami numerical modelling},
	journal = {Journal of Disaster Research},
	volume = {8},
	number = {2},
	pages = {266-273},
}

@article{Jim2014,
	author = {Jimenez, C and Moggiano, N and Mas, E and Adriano, B and Fujii, Y and Koshimura, S},
	year = {2014},
	title = {Tsunami waveform inversion of the 2007 {P}eru (8.1 {M}w) earthquake},
	journal = {Journal of Disaster Research},
	volume = {9},
	number = {6},
	pages = {954-969},
}

@article{Jim2016,
	author = {Jimenez, C and Moggiano, N and Yauri, S and Calvo, M},
	year = {2016},
	title = {Fuente sísmica del terremoto de {H}uacho-{P}erú 1966 de 8.1 Mw a partir de inversión de registros mareográficos},
	journal = {Revista de Investigación de Física},
	volume = {19},
	number = {1},
	pages = {1-9},
}

@article{Jim2018,
	author = {Jimenez, C. and Carbonel, C. and Rojas, J.},
	year = {2018},
	title = {Numerical Procedure to Forecast the Tsunami Parameters from a Database of Pre-Simulated Seismic Unit Sources},
	journal = {Pure Appl. Geophys.},
	volume = {175},
	number = {},
	pages = {1473-1483},
        url = https://doi.org/10.1007/s00024-017-1660-5
}

@article{Jim2018b,
	author = {Cesar Jimenez},
	title = {Seismic source characteristics of the intraslab 2017 {C}hiapas-{M}exico earthquake ({M}w8.2)},
	journal = {Physics of the Earth and Planetary Interiors},
	volume = {280},
	pages = {69-75},
	year = {2018},
	issn = {0031-9201},
	doi = {https://doi.org/10.1016/j.pepi.2018.04.013},
	url = {https://www.sciencedirect.com/science/article/pii/S0031920117303229},
}

@article{Jim2020,
	author = {Jimenez, C and Moggiano, N},
	year = {2020},
	title = {Numerical simulation of the 1940 {L}ima-{P}eru earthquake and tsunami ({M}w 8.0)},
	journal = {Journal of Seismology},
	volume = {24},
	number = {1},
	pages = {89-99},
	doi = {10.1007/s10950-019-09887-2}
}

@article{Jim2020b,
	author = {Jimenez, C and Carbonel, C and Villegas-Lanza, J},
	year = {2020},
	title = {Seismic Source of the Earthquake of {C}amana {P}eru 2001 ({M}w 8.2) from Joint Inversion of Geodetic and Tsunami Data},
	journal = {Pure Appl. Geophys.},
	volume = {},
	number = {},
	pages = {},
	doi = {10.1007/s00024-020-02616-8}
}

@article{Jim2021,
	author = {Jimenez, C. and Saavedra, M},
	year = {2021},
	title = {Digital processing and automatic picking of seismic signals},
	journal = {Journal of Earthquake and Tsunami},
	volume = {15},
	number = {},
	pages = {14},
	doi = {10.1142/S1793431121500135}
}

@article{Jim2021b,
	author = {Jimenez, C. and Saavedra, M. and Moreno, M},
	year = {2021},
	title = {Seismic source characteristics of the 2016 {P}edernales-{E}cuador earthquake ({M}w 7.8)},
	journal = {Physics of the Earth and Planetary Interiors},
	volume = {312},
	number = {},
	pages = {8},
	doi = {10.1016/j.pepi.2021.106670}
}

@article{Joh1999,
	author = {Johnson, J},
	year = {1999},
	title = {Heterogeneous coupling along {A}laska-{A}leutians as inferred from tsunami, seismic and geodetic inversions.},
	journal = {Advances in Geophysics},
	volume = {39},
	number = {},
	pages = {1-116},
	doi = {}
}

@article{Kan1971,
	author = {Kanamori, H},
	year = {1971},
	title = {Seismological evidence for a lithospheric normal faulting - The {S}anriku earthquake of 1933},
	journal = {Physi. Earth Planet. Interiors},
	volume = {4},
	number = {},
	pages = {289-300},
}

@article{Kan1972,
	author = {Kanamori, H},
	year = {1972},
	title = {Mechanism of Tsunami Earthquake},
	journal = {Physi. Earth Planet. Interiors},
	volume = {6},
	number = {},
	pages = {346-359},
}

@article{Kan1977,
	author = {Kanamori, H},
	year = {1977},
	title = {The energy release in great earthquakes},
	journal = {Journal of Geophysical Research},
	volume = {82},
	number = {},
	pages = {2981-2987},
}

@article{Kel1972,
	author = {Kelleher, J},
	year = {1972},
	title = {Rupture zones of large South American earthquakes and some predictions},
	journal = {Journal of Geophysical Research},
	volume = {27},
	number = {},
	pages = {2087-2103},
}

@article{Ken2003,
	author = {Kendrick, E and Bevis, M and Smalley, R and Brooks, B},
	year = {2003},
	title = {The {N}azca {S}outh {A}merica {E}uler vector and its rate of change},
	journal = {Journal of South American Earth Sciences},
	volume = {16},
	number = {},
	pages = {125-131},
}

@article{Kik1993,
	author = {Kikuchi, M. and Kanamori, H and Satake, K},
	year = {1993},
	title = {Source complexity of the 1988 {A}rmenian earthquake: evidence for a slow after-slip event},
	journal = {Journal of Geophysical Research},
	volume = {98},
	number = {B9},
	pages = {15797-15808},
}

@article{Kik1995,
	author = {Kikuchi, M. and Kanamori, H.},
	year = {1995},
	title = {Source characteristics of the 1992 {N}icaragua tsunami earthquake inferred from teleseismic body waves},
	journal = {Pure and Applied Geophysics},
	volume = {144},
	number = {3/4},
	pages = {441-453},
}

@manual{Kik2004,
	author = {Kikuchi, M. and Kanamori, H.},
	year = {2004},
	title = {Notes on Teleseismic Body-Wave Inversion Program},
	organization = {Tokyo University},
	adress = {Tokyo-Japan},
	url = {http://wwweic.eri.u-tokyo.ac.jp/ETAL/KIKUCHI},
	pages = {},
}

@article{Lan1995,
	author = {Langer, C and Spence, W},
	year = {1995},
	title = {The 1974 {P}eru Earthquake Series},
	journal = {Bulletin of Seismological Society of America},
	volume = {85},
	number = {3},
	pages = {665-687},
}

@book{Law1974,
	author = {Lawson, C and Hanson, R},
	year = {1974},
	title = {Solving least squares problems},
	page = {},
	publisher = {Prentice Hall},
	location = {New York},
}

@book{Lay1995,
  author    = {Lay, T and Wallace, T}, 
  title     = {Modern Global Seismology},
  publisher = {International Geophysics Series},
  year      = 1995,
  address   = {New York},
  vol       = {58},
  edition   = {},
  isbn      = {}
}

@article{Lay2010,
	author = {Lay, T and Ammon, C and Hutko, A and Kanamori, H},
	year = {2010},
	title = {Effects of kinematic constraints on teleseismic finite-source rupture inversions: great {P}eruvian earthquakes of 23 June 2001 and 15 August 2007},
	journal = {Bulletin of Seismological Society of America},
	volume = {100},
	number = {3},
	pages = {969-994},
}

@book{Lev2016,
  author    = {Levin, B and Nosov, M}, 
  title     = {Physics of Tsunamis},
  publisher = {Springer International Publishing},
  year      = 2016,
  address   = {New York},
  edition   = 2nd,
  isbn      = {}
}

@article{Lom1968,
	author = {Lomnitz, C and Cabré, R},
	year = {1968},
	title = {The {P}eru earthquake of October 17, 1966},
	journal = {Bulletin of Seismological Society of America},
	volume = {58},
	number = {},
	pages = {645-661},
}

@article{Lom1970,
	author = {Lomnitz, C},
	year = {1970},
	title = {Preliminary note: The {P}eru earthquake of May 31 1970},
	journal = {Bulletin of Seismological Society of America},
	volume = {60},
	number = {4},
	pages = {1413-1416},
}

@article{Lom1971,
	author = {Lomnitz, C},
	year = {1971},
	title = {The {P}eru earthquake of May 31, 1970: some preliminary seismological results},
	journal = {Bulletin of Seismological Society of America},
	volume = {61},
	number = {3},
	pages = {535-542},
}

@article{Man1971,
	author = {Mansinha, L and Smylie, E},
	year = {1971},
	title = {The displacement field of inclined faults},
	journal = {Bulletin of the Seismological Society of America},
	volume = {61},
	number = {5},
	pages = {1433-1440},
}

@article{Mas2014,
	author = {Mas, E and Adriano, B and Pulido, P and Jiménez, C and Koshimura, S},
	year = {2014},
	title = {Simulation of tsunami inundation in central {P}eru from future megathrust earthquake scenarios},
	journal = {Journal of Disaster Research},
	volume = {9},
	number = {6},
	pages = {961-967},
}

@book{Men1989,
  author    = {Menke, W}, 
  title     = {Geophysical data analysis: Discrete Inverse Theory},
  publisher = {Academic Press, INC},
  year      = 1989,
  address   = {San Diego, USA},
  edition   = 1st,
  isbn      = {}
}

@article{Mur1975,
	author = {Murty, T and Wigen, S},
	year = {1975},
	title = {Tsunami water levels and spectra for {P}eru (tide gage recordings)},
	journal = {Tsunami Newsletter},
	volume = {8},
	number = {1},
	pages = {2-17},
}

@article{Nor1998,
	author = {Norabuena, E and Leffler, L and Mao, A and Dixon, T and Stein, S and Sacks, S and Ocola, L and Ellis, M},
	year = {1998},
	title = {Space geodetic observations of {N}azca-{S}outh {A}merica convergence across the Central {A}ndes},
	journal = {Science},
	volume = {279},
	number = {},
	pages = {358},
}

@techreport{Oco2006,
	author       = {Ocola, L. and Huaco, P.}, 
  	title        = {El maremoto de {C}himbote del 21 de febrero de 1996: observaciones de campo y medidas de mitigación},
  	institution  = {Instituto Geofísico del Perú},
  	year         = 2006,
  	number       = {},
  	address      = {Lima},
	page = {31},
}

@article{Oka1992,
	author = {Okada, Y},
	year = {1992},
	title = {Internal deformation due to shear and tensile faults in a half space},
	journal = {Bulletin of Seismological Society of America},
	volume = {82},
	number = {},
	pages = {1018-1040},
}

@article{Oka2001,
	author = {Okal, E. and Newman, A},
	year = {2001},
	title = {Tsunami earthquakes: the quest for a regional signal},
	journal = {Physi. Earth Planet. Interiors},
	volume = {124},
	number = {},
	pages = {45-70},
}

@book{Oka2009,
	author = {Okal, E},
	year = {2009},
	title = {Excitation of Tsunamis by Earthquakes},
        chapter = {5},
	publisher = {Harvard University Press},
        address = {London},
	volume = {15},
	number = {},
        edition = {1},
	pages = {137-177},
}

@article{Pap2004,
	author = {Papazachos, B. and Scordilis, E. and Panagiotopoulus, C. and Karakaisis, G.},
	year = {2004},
	title = {Global relations between seismic fault parameters and moment magnitude of earthquakes},
	journal = {Bulletin of Geological Society of Greece},
	volume = {XXXVI},
	number = {},
	pages = {1482-1489},
}

@article{Par1974,
	author = {Pararas-Carayannis, G},
	year = {1974},
	title = {An Investigation of Tsunami Source Mechanism off the Coast of Central {P}eru},
	journal = {Marine Geology},
	volume = {17},
	number = {},
	pages = {235-247},
}

@article{Pri2007,
	author = {Pritchard, M. and Norabuena, E. and Ji, C. and Boroschek, R. and Comte, D. and Simons, M. and Dixon, T. and Rosen, P.},
	year = {2007},
	title = {Geodetic, teleseismic and strong motion constraints  on the slip from recent southern {P}eru subduction zone},
	journal = {Journal of Geophysical Research},
	volume = {112},
	number = {B03307},
	pages = {1-24},
}

@article{Sal2003,
	author = {Salichon, J. and Delouis, B. and Lundgren, P. and Giardini, D. and Costantini, M. and Rosen, P.},
	year = {2003},
	title = {Joint inversion of brodband teleseismic and interferpmetric synthetic aperture radar ({I}n{SAR}) data for the slip of the {M}w 7.7, {N}azca ridge ({P}eru) earthquake of 12 November 1996},
	journal = {Journal of Geophysical Research},
	volume = {108},
	number = {B2},
	pages = {13},
}

@article{Sat1987,
	author = {Satake, K},
	year = {1987},
	title = {Inversion of Tsunami Waveform for the Estimation of a fault heterogeneity: method and numerical experiment},
	journal = {Journal of Physics of the Earth},
	volume = {35},
	number = {1},
	pages = {241-254},
}

@article{Sat1991,
	author = {Satake, K and Kanamori, H},
	year = {1991},
	title = {Use of tsunami waveform for earthquake source study},
	journal = {Natural Hazards},
	volume = {4},
	number = {},
	pages = {193},
}

@article{Sat1995,
	author = {Satake, K},
	year = {1995},
	title = {Linear and non linear computations of the 1992 {N}icaragua earthquake tsunami},
	journal = {Pure and Applied Geophysics},
	volume = {144},
	number = {3-4},
	pages = {455-470},
}

@article{Sat1999,
	author = {Satake, K. and Tanioka, Y.},
	year = {1999},
	title = {Sources of Tsunami and Tsunamigenic Earthquakes in Subduction Zones},
	journal = {Pure and Applied Geophysics},
	volume = {154},
	number = {},
	pages = {467-483},
}

@book{Sat2015,
	author = {K Satake},
	year = {2015},
	title = {Tsunamis, inverse problem of: {E}ncyclopedia of {C}omplexity and {S}ystems {S}cience},
        publisher = {Springer},
	address = {New York},
	vol = {},
	chapter = {},
	pages = {1-20},
	doi = {10.1007/978-3-642-27737-5_570-2}
}

@book{Sil1978,
	author = {Silgado, E},
	year = {1978},
	title = {Historia de los sismos más notables ocurridos en el {P}erú (1513-1974)},
	publisher = {Instituto de Geología y Minería},
	location = {Lima},
	pages = {},
}

@book{Sol1975,
	author = {Soloviev, S and Go, Ch},
	year = {1975},
	title = {Catalogue of tsunamis on the eastern shore of the {P}acific {O}cean},
	publisher = {Nauka Publishing House},
	location = {Moscow},
	pages = {285},
}

@article{Spe1999,
	author = {Spence, W. and Mendoza, C. and Endgahl, E. and Choy, G. and Norabuena E.},
	year = {1999},
	title = {Seismic subduction of the {N}azca ridge as shown by the 1996-97 {P}eru earthquakes},
	journal = {Pure and Applied Geophysics},
	volume = {154},
	number = {},
	pages = {753-776},
}

@article{Sta1975,
	author = {Stauder, W},
	year = {1975},
	title = {Subduction of the {N}azca plate under {P}eru as evidenced by focal mechanisms and by seismicity},
	journal = {Journal of Geophysical Research},
	volume = {80},
	number = {8},
	pages = {1053-1064},
}

@article{Swe1999,
	author = {Swenson, J. and Beck, S.},
	year = {1999},
	title = {Source characteristics of the 12 November 1996 {M}w 7.7 {P}eru subduction zone earthquake},
	journal = {Pure and Applied Geophysics},
	volume = {154},
	number = {},
	pages = {731-751},
}

@article{Tan1996,
	author = {Tanioka, Y. and Satake, K},
	year = {1996},
	title = {Tsunami generation by horizontal displacement of ocean bottom},
	journal = {Geophysical Research Letters},
	volume = {23},
	number = {},
	pages = {891-894},
}

@book{Tar2005,
	author = {Tarantola, A},
	year = {2005},
	title = {Inverse problem theory and methods for model parameter estimation},
	publisher = {Ed. Society for Industrial and Applied Mathematics},
	location = {Philadelphia},
	pages = {},
}

@phdthesis{Tav_tesis,
  	author  = {Tavera, H}, 
  	title   = {Mecanismo focal de terremotos en {P}erú y sismotectónica},
  	school  = {Universidad Complutense de Madrid},
  	year    = {1998},
  	address = {España},
  	month   = 6,
}

@article{Tav1998,
	author = {Tavera, H and Buforn, E. and Pérez-Pacheco, I.},
	year = {1998},
	title = {Mecanismo focal del terremoto de {N}azca ({P}erú) del 12 de noviembre de 1996 ({M}w=7.7)},
	journal = {Revista Geofísica IPGH},
	volume = {},
	number = {49},
	pages = {143-163},
}

@article{Tic1989,
	author = {Tichelaar, B and Ruff, L},
	year = {1989},
	title = {How good are our best models?},
	journal = {EOS},
	volume = {70},
	number = {20},
	pages = {593-605},
}

@book{Udi2014,
	author = {Udías, A. and Madariaga, R. and Buforn, E.},
	year = {2014},
	title = {Source Mechanism of Earthquakes: Theory and Practice},
	publisher = {Cambridge University Press},
	location = {United Kingdom},
	pages = {302},
}

@article{War1985,
	author = {Ward, S},
	year = {1985},
	title = {Quasi static propagator matrices: creep on strike-slip faults},
	journal = {Tectonophysics},
	volume = {120},
	number = {},
	pages = {83-106},
}

@book{Vil2009,
	author = {Villegas, J},
	year = {2009},
	title = {Modelos de velocidad unidimensional para las regiones norte, centro y sur de {P}erú},
	publisher = {Tesis de Grado, UNSA},
	location = {Perú},
	school = {UNSA},
	pages = {},
}

@article{Vil2010,
	author = {Villegas, J and Tavera, H},
	year = {2010},
	title = {Modelo de estructura de velocidad cortical 1{D} para la región norte del {P}erú a partir de sismos locales},
	journal = {Bol. Soc. Geol.},
	volume = {104},
	number = {},
	pages = {81-91},
}

@article{Vil2016,
	author = {Villegas, J and Chlieh, M. and Cavalie, O. and Baby, P. and Nouquet, J.},
	year = {2016},
	title = {Active tectonics of {P}eru: Heterogeneous interseismic coupling along the {N}azca megathrust, rigid motion of the Peruvian Sliver and subandean shortening accomodation},
	journal = {JGR},
	volume = {29},
	number = {},
	pages = {195-207},
}

@article{Wan2003,
	author = {Wang, R and Lorenzo, M and Roth, F},
	year = {2003},
	title = {Computation of deformation induced by earthquakes in a multilayer elastic crust, {F}ortran programs {EDGRN/EDCMP}},
	journal = {Computers and Geosciences},
	volume = {29},
	number = {},
	pages = {195-207},
}

@article{Wan2006,
	author = {Wang, R and Lorenzo, F and Roth, F},
	year = {2006},
	title = {{PSGRN/PSCMP} a new code for calculating co and postseismic deformation, geoid and gravity changes based on the viscoelastic gravitational dislocation theory},
	journal = {Computers and Geosciences},
	volume = {32},
	number = {},
	pages = {527-541},
}

@article{Wes2009,
	author = {P. Wessel},
	year = {2009},
	title = {Analysis of observed and predicted tsunami travel times for the {P}acific and {I}ndian {O}ceans},
	journal = {Pure Appl. Geophys.},
	volume = {166},
	number = {},
	pages = {301-324},
}

@article{Wan2012,
	author = {Wang, D. and Becker, N. and Walsh, D. and Fryer, G. and Weinstein, S. and McCreery, C. and Sardiña, V.},
	year = {2012},
	title = {Real-time forecasting of the {A}pril 11, 2012 {S}umatra tsunami},
	journal = {Geophysical Research Letters},
	volume = {39},
	number = {L19601},
	pages = {1-6},
	doi = {10.1029/2012GL053081},	
}

@article{Yam2011,
	author = {Yamazaki, Y and Cheung, K},
	year = {2011},
	title = {Shelf resonance and impact of near-field tsunami generated by the 2010 Chile earthquake},
	journal = {Geophysical Research Letters},
	volume = {38},
	number = {12},
	pages = {1-8},
	doi = {10.1029/2011gl047508}
}
